@ARTICLE{Lin92,
  author = {Nathan Linial},
  title = {Locality in Distributed Graph Algorithms},
  journal = {SIAM Journal on Computing},
  year = {1992},
  volume = {21},
  pages = {193--201},
  number = {1}
}

@ARTICLE{loccomp,
  author = "Naor, M. and Stockmeyer, L.",
  title = {What Can Be Computed Locally?},
  journal = {SIAM Journal on Computing},
  year = {1995},
  volume = {24},
  pages = {1259--1277},
  number = {6}
}

@ARTICLE{colevishkin,
  author = "Cole, R. and Vishkin, U.",
  title = {Deterministic Coin Tossing With Applications to Optimal Parallel List Ranking},
  journal = {Information and Control},
  year = {1986},
  volume = {70},
  pages = {32--53},
  number = {1}
}

@ARTICLE{3appr,
  author = "Polishchuk, V. and Suomela, J.",
  title = {A Simple Local 3-Approximation Algorithm for Vertex Cover},
  journal = {Information Processing Letters},
  year = {2009},
  volume = {109},
  number = {12}
}

@ARTICLE{mst,
  author = "Gallager, R.G. and Humblet, P.A. and Spira, P.M.",
  title = {A Distributed Algorithm for Minimum Weight Spanning Trees},
  journal = {ACM Transactions on Programming Languages and Systems (TOPLAS)},
  year = {1983},
  volume = {5},
  number = {1}
}

@ARTICLE{wireless,
  author = "Urrutia, J.",
  journal = {Journal of Discrete Algorithms},
  title = {Local Solutions for Global Problems in Wireless Networks},
  year = {2007},
  volume = {5},
  number = {3},
  pages = {395--407}
}

@INPROCEEDINGS{pricenear,
  author = "Kuhn, F. and Moscibroda, T. and Wattenhofer, R.",
  title = {The Price of Being Near-Sighted},
  booktitle = {Proc. 17th Annual ACM-SIAM Symposium on Discrete Algorithms},
  publisher = {ACM Press},
  year = {2006},
  pages = {980--989}
}

@WWW-MISC{survey,
  author = "Suomela, J.",
  title = {Survey of Local Algorithms},
  URL = "http://www.cs.helsinki.fi/u/josuomel/doc/local-survey.pdf",
  year = {2011},
  valid = "6.3.2011"
}

@WWW-MISC{lecture1,
  author = "Suomela, J.",
  title = {Lecture notes},
  URL = "http://www.cs.helsinki.fi/u/josuomel/dda-2010/adobe/lecture-1.pdf",
  year = {2010},
  valid = "6.3.2011"
}

@WWW-MISC{lecture2,
  author = "Suomela, J.",
  title = {Lecture notes},
  URL = "http://www.cs.helsinki.fi/u/josuomel/dda-2010/adobe/lecture-2.pdf",
  year = {2010},
  valid = "6.3.2011"
}

@ARTICLE{Sparse,
  author = "Panconesi, A. and Rizzi, R.",
  title = {Some simple distributed algorithms for sparse networks},
  journal = {Distributed computing},
  year = {2001},
  volume = {14},
  pages = {97--100},
  number = {2}
}

@WWW-MISC{Principles,
  author = "Wattenhofer, R. and Kuhn, F. and Lenzen, C. and Locher, T.",
  title = {Principles of Distributed Computing},
  url = "http://dcg.ethz.ch/lectures/podc_allstars/lecture/podc.pdf",
  year = {2011}
}

@INPROCEEDINGS{Parallel,
  author = "Goldberg, A. and Plotkin, S. and Shannon, G.",
  title = {Parallel symmetry-breaking in sparse graphs},
  booktitle = {STOC '87 Proceedings of the nineteenth annual ACM symposium on Theory of computing},
  publisher = {ACM},
  year = {1987},
  pages = {315--324}
}


@INPROCEEDINGS{Partitions,
    author = {Awerbuch, B. and Peleg, D.},
    title = {Sparse Partitions (Extended Abstract)},
    booktitle = {In IEEE Symposium on Foundations of Computer Science},
    year = {1990},
    pages = {503--513},
    publisher = {IEEE}
}
@INPROCEEDINGS{Awerbuch89,
    author = {Baruch Awerbuch and Andrew V. Goldberg and Michael Luby and Serge A. Plotkin},
    title = {Network Decomposition and Locality in Distributed Computation (Extended Abstract)},
    booktitle = {},
    year = {1989},
    pages = {364--369}
}

@INPROCEEDINGS{Delta1,
    author = {Barenboim, L. and Elkin, M.},
    title = {Distributed $({\Delta + 1})$-coloring in linear (in ${\Delta}$) time},
    booktitle = {STOC '09: Proceedings of the 41st Annual ACM Symposium on Theory of Computing},
    publisher = {ACM},
    year = {2009},
    pages = {111--120},
}
