% This file was created with JabRef 2.4.2.
% Encoding: ISO8859_1

@ARTICLE{haastad99clique,
  author = {Johan Håstad},
  title = {Clique is hard to approximate within $n^{1-\epsilon}$},
  journal = {Acta Mathematica},
  year = {1999},
  volume = {182},
  pages = {105--142},
  number = {1},
  doi = {10.1007/BF02392825},
  owner = {josuomel},
  timestamp = {2005-12-06}
}

